@article{gan2013using,
  title={Using clustering analysis to improve semi-supervised classification},
  author={Gan, Haitao and Sang, Nong and Huang, Rui and Tong, Xiaojun and Dan, Zhiping},
  journal={Neurocomputing},
  volume={101},
  pages={290--298},
  year={2013},
  publisher={Elsevier}
}

@article{chapelle2009semi,
  title={Semi-Supervised Learning (Chapelle, O. et al., Eds.; 2006)[Book reviews]},
  author={Chapelle, Olivier and Scholkopf, Bernhard and Zien, Alexander},
  journal={IEEE Transactions on Neural Networks},
  volume={20},
  number={3},
  pages={542--542},
  year={2009},
  publisher={IEEE}
}

@article{bilmes1998gentle,
  title={A gentle tutorial of the EM algorithm and its application to parameter estimation for Gaussian mixture and hidden Markov models},
  author={Bilmes, Jeff A and others},
  journal={International Computer Science Institute},
  volume={4},
  number={510},
  pages={126},
  year={1998}
}

@article{bishop2006pattern,
  title={Pattern recognition},
  author={Bishop, Christopher M},
  journal={Machine Learning},
  volume={128},
  year={2006}
}

@inproceedings{tang2008boosting,
  title={Boosting gaussian mixture models via discriminant analysis},
  author={Tang, Hao and Huang, Thomas S},
  booktitle={Pattern Recognition, 2008. ICPR 2008. 19th International Conference on},
  pages={1--4},
  year={2008},
  organization={IEEE}
}

@article{reynolds2000speaker,
  title={Speaker verification using adapted Gaussian mixture models},
  author={Reynolds, Douglas A and Quatieri, Thomas F and Dunn, Robert B},
  journal={Digital signal processing},
  volume={10},
  number={1},
  pages={19--41},
  year={2000},
  publisher={Elsevier}
}

@article{breiman1996bias,
  title={Bias, variance, and arcing classifiers},
  author={Breiman, Leo},
  year={1996},
  publisher={Tech. Rep. 460, Statistics Department, University of California, Berkeley, CA, USA}
}


@inproceedings{joshi2002predicting,
  title={Predicting rare classes: Can boosting make any weak learner strong?},
  author={Joshi, Mahesh V and Agarwal, Ramesh C and Kumar, Vipin},
  booktitle={Proceedings of the eighth ACM SIGKDD international conference on Knowledge discovery and data mining},
  pages={297--306},
  year={2002},
  organization={ACM}
}


@article{ratsch2001soft,
  title={Soft margins for AdaBoost},
  author={R{\"a}tsch, Gunnar and Onoda, Takashi and M{\"u}ller, K-R},
  journal={Machine learning},
  volume={42},
  number={3},
  pages={287--320},
  year={2001},
  publisher={Springer}
}

@article{reynolds2015gaussian,
  title={Gaussian mixture models},
  author={Reynolds, Douglas},
  journal={Encyclopedia of biometrics},
  pages={827--832},
  year={2015},
  publisher={Springer}
}

@article{collins1997algorithm,
  title={The EM algorithm},
  author={Collins, Michael},
  journal={fulfillment of Written Preliminary Exam II requirement},
  year={1997}
}


@article{he2009learning,
  title={Learning from imbalanced data},
  author={He, Haibo and Garcia, Edwardo A},
  journal={IEEE Transactions on knowledge and data engineering},
  volume={21},
  number={9},
  pages={1263--1284},
  year={2009},
  publisher={IEEE}
}


@article{alcala2009keel,
  title={KEEL: a software tool to assess evolutionary algorithms for data mining problems},
  author={Alcal{\'a}-Fdez, Jes{\'u}s and Sanchez, Luciano and Garcia, Salvador and del Jesus, Maria Jose and Ventura, Sebastian and Garrell, Josep Maria and Otero, Jose and Romero, Cristobal and Bacardit, Jaume and Rivas, Victor M and others},
  journal={Soft Computing},
  volume={13},
  number={3},
  pages={307--318},
  year={2009},
  publisher={Springer}
}


@article{galar2012review,
  title={A review on ensembles for the class imbalance problem: bagging-, boosting-, and hybrid-based approaches},
  author={Galar, Mikel and Fernandez, Alberto and Barrenechea, Edurne and Bustince, Humberto and Herrera, Francisco},
  journal={IEEE Transactions on Systems, Man, and Cybernetics, Part C (Applications and Reviews)},
  volume={42},
  number={4},
  pages={463--484},
  year={2012},
  publisher={IEEE}
}

@article{forman2003extensive,
  title={An extensive empirical study of feature selection metrics for text classification},
  author={Forman, George},
  journal={Journal of machine learning research},
  volume={3},
  number={Mar},
  pages={1289--1305},
  year={2003}
}