@article{mell2009draft,
  title={Draft NIST working definition of cloud computing},
  author={Mell, Peter and Grance, Tim}
}
@article{reilly2011cloud,
  title={Cloud computing: Pros and cons for computer forensic investigations},
  author={Reilly, Denis and Wren, Chris and Berry, Tom},
  journal={International Journal Multimedia and Image Processing (IJMIP)},
  volume={1},
  number={1},
  pages={26--34},
  year={2011},
  publisher={Citeseer}
}
@inproceedings{khajeh2010cloud,
  title={Cloud migration: A case study of migrating an enterprise it system to iaas},
  author={Khajeh-Hosseini, Ali and Greenwood, David and Sommerville, Ian},
  booktitle={2010 IEEE 3rd International Conference on cloud computing},
  pages={450--457},
  year={2010},
  organization={IEEE}
}
@inproceedings{palmer2001road,
  title={A road map for digital forensic research},
  author={Palmer, Gary and others},
  booktitle={First Digital Forensic Research Workshop, Utica, New York},
  pages={27--30},
  year={2001}
}