@article{gordon2006definition,
  title={On the definition and classification of cybercrime},
  author={Gordon, Sarah and Ford, Richard},
  journal={Journal in Computer Virology},
  volume={2},
  number={1},
  pages={13--20},
  year={2006},
  publisher={Springer}
}