@article{nelson1995data,
  title={The data compression book 2nd edition},
  author={Nelson, Mark and Gailly, Jean-Loup},
  journal={M \& T Books, New York, NY},
 pages={18--29},
   year={1995}
}

@incollection{ng1997lossless,
  title={Lossless and lossy data compression},
  author={Ng, Wee Keong and Choi, Sunghyun and Ravishankar, Chinya},
  booktitle={Evolutionary algorithms in engineering applications},
  pages={173--188},
  year={1997},
  publisher={Springer}
}
@article{han2015deep,
  title={Deep compression: Compressing deep neural networks with pruning, trained quantization and huffman coding},
  author={Han, Song and Mao, Huizi and Dally, William J},
  journal={arXiv preprint arXiv:1510.00149},
  pages={1--14},
  year={2015}
}
@article{sharma2010compression,
  title={Compression using Huffman coding},
  author={Sharma, Mamta},
  journal={IJCSNS International Journal of Computer Science and Network Security},
  volume={10},
  number={5},
  pages={133--141},
  year={2010}
}

@book{cormen2009introduction,
  title={Introduction to algorithms},
  author={Cormen, Thomas H and Leiserson, Charles E and Rivest, Ronald L and Stein, Clifford},
  year={2009},
  publisher={MIT press}
}
@article{howard1994arithmetic,
  title={Arithmetic coding for data compression},
  author={Howard, Paul G and Vitter, Jeffrey Scott},
  journal={Proceedings of the IEEE},
  volume={82},
  number={6},
  pages={857--865},
  year={1994},
  publisher={IEEE}
}

@article{huffman1952method,
  title={A method for the construction of minimum-redundancy codes},
  author={Huffman, David A},
  journal={Proceedings of the IRE},
  volume={40},
  number={9},
  pages={1098--1101},
  year={1952},
  publisher={IEEE}
}
@article{vitter1987design,
  title={Design and analysis of dynamic Huffman codes},
  author={Vitter, Jeffrey Scott},
  journal={Journal of the ACM (JACM)},
  volume={34},
  number={4},
  pages={825--845},
  year={1987},
  publisher={ACM}
}








